@book{aufgabe1,
    author    = {Pruefungsamt iu},
    title     = {Aufgabenstellung Advanced Workbook DLBWIRITT01},
    publisher = {Internationale Hochschule},
    year      = {2024},
    pages = {1},
}

@article{beispiel2022,
    author  = {Anna Beispiel},
    title   = {Ein Beispielartikel},
    journal = {Beispielzeitschrift},
    year    = {2022},
    volume  = {15},
    number  = {3},
    pages   = {123--456},
}
